<record xmlns="http://www.loc.gov/MARC21/slim">
   <leader>01749cam a2200433 a 4500</leader>
   <controlfield tag="001">1398455</controlfield>
   <controlfield tag="008">910828s1985    miua     b    1   0 eng d</controlfield>
   <datafield ind1=" " ind2=" " tag="010">
      <subfield code="a">   85013134</subfield>
   </datafield>
   <datafield ind1=" " ind2=" " tag="010">
      <subfield code="a">   85013134 //r883</subfield>
   </datafield>
   <datafield ind1=" " ind2=" " tag="020">
      <subfield code="a">0873710061</subfield>
   </datafield>
   <datafield ind1=" " ind2=" " tag="035">
      <subfield code="a">ocm12216551</subfield>
   </datafield>
   <datafield ind1=" " ind2=" " tag="040">
      <subfield code="a">DNLM/DLC</subfield>
      <subfield code="b">eng</subfield>
      <subfield code="c">DLC</subfield>
      <subfield code="d">DLC</subfield>
   </datafield>
   <datafield ind1=" " ind2=" " tag="049">
      <subfield code="a">AEU</subfield>
      <subfield code="b">eng</subfield>
   </datafield>
   <datafield ind1="0" ind2="0" tag="050">
      <subfield code="a">RA577.5</subfield>
      <subfield code="b">.I53 1985</subfield>
   </datafield>
   <datafield ind1=" " ind2="0" tag="060">
      <subfield code="a">W3 LI441A 7th 1985i</subfield>
      <subfield code="a">WA 754 I404 1985</subfield>
   </datafield>
   <datafield ind1="0" ind2=" " tag="082">
      <subfield code="a">363.7/392</subfield>
      <subfield code="2">19</subfield>
   </datafield>
   <datafield ind1=" " ind2=" " tag="090">
      <subfield code="a">RA 577.5 I53 1985</subfield>
      <subfield code="b">AEML</subfield>
   </datafield>
   <datafield ind1=" " ind2=" " tag="090">
      <subfield code="a">RA 577.5 I52 1984</subfield>
      <subfield code="b">AEAG</subfield>
   </datafield>
   <datafield ind1="0" ind2=" " tag="090">
      <subfield code="a">RA 577.5 I59 1985</subfield>
   </datafield>
   <datafield ind1="0" ind2="0" tag="245">
      <subfield code="a">Indoor air and human health /</subfield>
      <subfield code="c">edited by Richard B. Gammage, Stephen V. Kaye ; technical editor, Vivian A. Jacobs.</subfield>
   </datafield>
   <datafield ind1=" " ind2=" " tag="260">
      <subfield code="a">Chelsea, Mich. :</subfield>
      <subfield code="b">Lewis Publishers,</subfield>
      <subfield code="c">c1985.</subfield>
   </datafield>
   <datafield ind1=" " ind2=" " tag="300">
      <subfield code="a">xiii, 430 p. :</subfield>
      <subfield code="b">ill. ;</subfield>
      <subfield code="c">25 cm.</subfield>
   </datafield>
   <datafield ind1=" " ind2=" " tag="336">
      <subfield code="a">text</subfield>
      <subfield code="b">txt</subfield>
      <subfield code="2">rdacontent</subfield>
   </datafield>
   <datafield ind1=" " ind2=" " tag="337">
      <subfield code="a">unmediated</subfield>
      <subfield code="b">n</subfield>
      <subfield code="2">rdamedia</subfield>
   </datafield>
   <datafield ind1=" " ind2=" " tag="338">
      <subfield code="a">volume</subfield>
      <subfield code="b">nc</subfield>
      <subfield code="2">rdacarrier</subfield>
   </datafield>
   <datafield ind1=" " ind2=" " tag="500">
      <subfield code="a">Proceedings of the Seventh Life Sciences Symposium, held in Knoxville, Tenn., Oct. 29-31, 1984, sponsored by Oak Ridge National Laboratory and others.</subfield>
   </datafield>
   <datafield ind1=" " ind2=" " tag="504">
      <subfield code="a">Includes bibliographies and index.</subfield>
   </datafield>
   <datafield ind1=" " ind2=" " tag="596">
      <subfield code="a">48</subfield>
   </datafield>
   <datafield ind1=" " ind2="0" tag="650">
      <subfield code="a">Ventilation</subfield>
      <subfield code="x">Health aspects</subfield>
      <subfield code="v">Congresses.</subfield>
   </datafield>
   <datafield ind1=" " ind2="0" tag="650">
      <subfield code="a">Indoor air pollution</subfield>
      <subfield code="x">Toxicology</subfield>
      <subfield code="v">Congresses.</subfield>
   </datafield>
   <datafield ind1=" " ind2="0" tag="650">
      <subfield code="a">Air quality</subfield>
      <subfield code="v">Congresses.</subfield>
   </datafield>
   <datafield ind1=" " ind2="2" tag="650">
      <subfield code="a">Air Pollutants</subfield>
      <subfield code="x">adverse effects</subfield>
      <subfield code="v">congresses.</subfield>
   </datafield>
   <datafield ind1=" " ind2="2" tag="650">
      <subfield code="a">Air Pollution</subfield>
      <subfield code="x">adverse effects</subfield>
      <subfield code="v">congresses.</subfield>
   </datafield>
   <datafield ind1="1" ind2=" " tag="700">
      <subfield code="a">Gammage, Richard B.</subfield>
   </datafield>
   <datafield ind1="1" ind2=" " tag="700">
      <subfield code="a">Kaye, Stephen V.</subfield>
   </datafield>
   <datafield ind1="1" ind2=" " tag="700">
      <subfield code="a">Jacobs, Vivian A.</subfield>
   </datafield>
   <datafield ind1="2" ind2=" " tag="710">
      <subfield code="a">Oak Ridge National Laboratory.</subfield>
   </datafield>
   <datafield ind1="2" ind2=" " tag="711">
      <subfield code="a">Life Sciences Symposium.</subfield>
      <subfield code="n">(7th :</subfield>
      <subfield code="d">1984 :</subfield>
      <subfield code="c">Knoxville, Tenn.)</subfield>
   </datafield>
   <datafield ind1=" " ind2=" " tag="926">
      <subfield code="a">RA 577.5 I59 1985</subfield>
      <subfield code="w">LC</subfield>
      <subfield code="c">1</subfield>
      <subfield code="i">000037593787</subfield>
      <subfield code="d">12/3/2006</subfield>
      <subfield code="e">11/19/2006</subfield>
      <subfield code="l">ON_SHELF</subfield>
      <subfield code="m">UASCITECH</subfield>
      <subfield code="n">24</subfield>
      <subfield code="p">$150.00</subfield>
      <subfield code="r">Y</subfield>
      <subfield code="s">Y</subfield>
      <subfield code="t">BOOK</subfield>
      <subfield code="u">9/16/1991</subfield>
   </datafield>
</record>
